%% This BibTeX bibliography file was created using BibDesk.
%% https://bibdesk.sourceforge.io/

%% Created for Tianrui Hu at 2018-05-16 20:57:18 +0800 


%% Saved with string encoding Unicode (UTF-8) 



@article{lecun2015deep,
  title={Deep learning},
  author={LeCun, Yann and Bengio, Yoshua and Hinton, Geoffrey},
  journal={nature},
  volume={521},
  number={7553},
  pages={436},
  year={2015},
  publisher={Nature Publishing Group}
}

@article{Yu2017Adversarial,
  title={Adversarial Network Bottleneck Features for Noise Robust Speaker Verification},
  author={Yu, Hong and Tan, Zheng Hua and Ma, Zhanyu and Guo, Jun},
  pages={1492-1496},
  year={2017},
}

@article{yan2016improved,
  title={An improved ranking-based feature enhancement approach for robust speaker recognition},
  author={Yan, Furong and Men, Aidong and Yang, Bo and Jiang, Zhuqing},
  journal={IEEE Access},
  volume={4},
  pages={5258--5267},
  year={2016},
  publisher={IEEE}
}
%GMM_UBM
@article{reynolds2000speaker,
  title={Speaker verification using adapted Gaussian mixture models},
  author={Reynolds, Douglas A and Quatieri, Thomas F and Dunn, Robert B},
  journal={Digital signal processing},
  volume={10},
  number={1-3},
  pages={19--41},
  year={2000},
  publisher={Elsevier}
}
%i-vector
@article{dehak2011front,
  title={Front-end factor analysis for speaker verification},
  author={Dehak, Najim and Kenny, Patrick J and Dehak, R{\'e}da and Dumouchel, Pierre and Ouellet, Pierre},
  journal={IEEE Transactions on Audio, Speech, and Language Processing},
  volume={19},
  number={4},
  pages={788--798},
  year={2011},
  publisher={IEEE}
}
@article{hinton2012deep,
  title={Deep neural networks for acoustic modeling in speech recognition: The shared views of four research groups},
  author={Hinton, Geoffrey and Deng, Li and Yu, Dong and Dahl, George E and Mohamed, Abdel-rahman and Jaitly, Navdeep and Senior, Andrew and Vanhoucke, Vincent and Nguyen, Patrick and Sainath, Tara N and others},
  journal={IEEE Signal Processing Magazine},
  volume={29},
  number={6},
  pages={82--97},
  year={2012},
  publisher={IEEE}
}
@inproceedings{lei2013noise,
  title={A noise robust i-vector extractor using vector taylor series for speaker recognition},
  author={Lei, Yun and Burget, Luk{\'a}{\v{s}} and Scheffer, Nicolas},
  booktitle={Acoustics, Speech and Signal Processing (ICASSP), 2013 IEEE International Conference on},
  pages={6788--6791},
  year={2013},
  organization={IEEE}
}
%STSA-MMSE
@article{erkelens2007minimum,
  title={Minimum mean-square error estimation of discrete Fourier coefficients with generalized Gamma priors},
  author={Erkelens, Jan S and Hendriks, Richard C and Heusdens, Richard and Jensen, Jesper},
  journal={IEEE Transactions on Audio, Speech, and Language Processing},
  volume={15},
  number={6},
  pages={1741--1752},
  year={2007},
  publisher={IEEE}
}
@inproceedings{lei2014novel,
  title={A novel scheme for speaker recognition using a phonetically-aware deep neural network},
  author={Lei, Yun and Scheffer, Nicolas and Ferrer, Luciana and McLaren, Mitchell},
  booktitle={Acoustics, Speech and Signal Processing (ICASSP), 2014 IEEE International Conference on},
  pages={1695--1699},
  year={2014},
  organization={IEEE}
}
@inproceedings{variani2014deep,
  title={Deep neural networks for small footprint text-dependent speaker verification},
  author={Variani, Ehsan and Lei, Xin and McDermott, Erik and Moreno, Ignacio Lopez and Gonzalez-Dominguez, Javier},
  booktitle={Acoustics, Speech and Signal Processing (ICASSP), 2014 IEEE International Conference on},
  pages={4052--4056},
  year={2014},
  organization={IEEE}
}
@article{xu2015regression,
  title={A regression approach to speech enhancement based on deep neural networks},
  author={Xu, Yong and Du, Jun and Dai, Li-Rong and Lee, Chin-Hui},
  journal={IEEE/ACM Transactions on Audio, Speech and Language Processing (TASLP)},
  volume={23},
  number={1},
  pages={7--19},
  year={2015},
  publisher={IEEE Press}
}
@article{kolbk2017speech,
  title={Speech intelligibility potential of general and specialized deep neural network based speech enhancement systems},
  author={Kolbk, Morten and Tan, Zheng-Hua and Jensen, Jesper and Kolbk, Morten and Tan, Zheng-Hua and Jensen, Jesper},
  journal={IEEE/ACM Transactions on Audio, Speech and Language Processing (TASLP)},
  volume={25},
  number={1},
  pages={153--167},
  year={2017},
  publisher={IEEE Press}
}
%GAN
@inproceedings{goodfellow2014generative,
  title={Generative adversarial nets},
  author={Goodfellow, Ian and Pouget-Abadie, Jean and Mirza, Mehdi and Xu, Bing and Warde-Farley, David and Ozair, Sherjil and Courville, Aaron and Bengio, Yoshua},
  booktitle={Advances in neural information processing systems},
  pages={2672--2680},
  year={2014}
}
@inproceedings{shinohara2016adversarial,
  title={Adversarial Multi-Task Learning of Deep Neural Networks for Robust Speech Recognition.},
  author={Shinohara, Yusuke},
  booktitle={INTERSPEECH},
  pages={2369--2372},
  year={2016}
}
@article{mogren2016c,
  title={C-RNN-GAN: Continuous recurrent neural networks with adversarial training},
  author={Mogren, Olof},
  journal={arXiv preprint arXiv:1611.09904},
  year={2016}
}
%第二章
@incollection{davis1990comparison,
  title={Comparison of parametric representations for monosyllabic word recognition in continuously spoken sentences},
  author={Davis, Steven B and Mermelstein, Paul},
  booktitle={Readings in speech recognition},
  pages={65--74},
  year={1990},
  publisher={Elsevier}
}
@inproceedings{fu2014tandem,
  title={Tandem deep features for text-dependent speaker verification},
  author={Fu, Tianfan and Qian, Yanmin and Liu, Yuan and Yu, Kai},
  booktitle={Fifteenth Annual Conference of the International Speech Communication Association},
  year={2014}
}
@article{liu2015deep,
  title={Deep feature for text-dependent speaker verification},
  author={Liu, Yuan and Qian, Yanmin and Chen, Nanxin and Fu, Tianfan and Zhang, Ya and Yu, Kai},
  journal={Speech Communication},
  volume={73},
  pages={1--13},
  year={2015},
  publisher={Elsevier}
}

@article{Rosenberg2005Automatic,
  title={Automatic speaker verification: A review},
  author={Rosenberg, A. E.},
  journal={Proceedings of the IEEE},
  volume={64},
  number={4},
  pages={475-487},
  year={2005},
}

@article{甄斌2001语音识别和说话人识别中各倒谱分量的相对重要性,
  title={语音识别和说话人识别中各倒谱分量的相对重要性},
  author={甄斌 and 吴玺宏 and 刘志敏 and 迟惠生},
  journal={北京大学学报(自然科学版)},
  volume={37},
  number={3},
  pages={371-378},
  year={2001},
}